% Ladder/star approach

@article{foerster2010challenges,
  title={Challenges for automated generalisation at European mapping agencies: a qualitative and quantitative analysis},
  author={Foerster, Theodor and Stoter, Jantien and Kraak, Menno-Jan},
  journal={Cartographic Journal, The},
  volume={47},
  number={1},
  pages={41--54},
  year={2010},
  publisher={Maney Publishing}
}

% Constraints

@article{harrie2007modelling,
  title={Modelling the overall process of generalisation},
  author={Harrie, Lars and Weibel, Robert},
  journal={Generalisation of geographic information: cartographic modelling and applications},
  pages={67--88},
  year={2007},
  publisher={Elsevier}
}

@article{beard1991constraints,
  title={Constraints on rule formation},
  author={Beard, Kate},
  journal={Map generalization: making rules for knowledge representation},
  pages={121--135},
  year={1991},
  publisher={New York: Wiley}
}

@phdthesis{schmid2008automated,
author = {Schmid, Stefan},
number = {June},
school = {Geographisches Institut der Universit\{\"{a}\}t Z\{\"{u}\}rich},
title = {{Automated constraint-based evaluation of cartographic generalization solutions}},
year = {2008}
}
