% SUPPORT WORK
@book{vazirani2001approximation,
author = {Vazirani, Vijay V.},
 title = {Approximation algorithms},
 year = {2001},
 isbn = {3-540-65367-8},
 publisher = {Springer-Verlag New York, Inc.},
 address = {New York, NY, USA},
 }
 
% REQUIREMENTS AND MOTIVATION

@inproceedings{cohen2011journalism,
author = {Cohen, Sarah},
booktitle = {CIDR},
pages = {148--151},
title = {{Computational Journalism: A Call to Arms to Database Researchers}},
year = {2011}
}

@inproceedings{sankaranarayanan2009twitterstand,
author = {Sankaranarayanan, Jagan and Samet, Hanan and Teitler, Benjamin E and Lieberman, Michael D and Sperling, Jon and Samet, Hanan and Lieberman, Michael D and Sperling, Jon},
booktitle = {Proceedings of the 17th ACM SIGSPATIAL International Conference on Advances in Geographic Information Systems},
isbn = {9781605586496},
organization = {ACM},
pages = {42--51},
title = {{Twitterstand: news in tweets}},
year = {2009}
}

@inproceedings{samet2012duking,
author = {Samet, Hanan and Fruin, Brendan C and Nutanong, Sarana},
booktitle = {Proceedings of the First ACM SIGSPATIAL International Workshop on Mobile Geographic Information Systems},
organization = {ACM},
pages = {41--48},
title = {{Duking it out at the smartphone mobile app mapping api corral: Apple, Google, and the competition}},
year = {2012}
}

@article{meliou2011reverse,
author = {Meliou, Alexandra and Gatterbauer, Wolfgang and Suciu, Dan},
journal = {Proceedings of the VLDB Endowment},
number = {12},
title = {{Reverse data management}},
volume = {4},
year = {2011}
}

@article{rieger1993consensus,
author = {Rieger, Monika K and Coulson, Michael R C},
journal = {Cartographica: The International Journal for Geographic Information and Geovisualization},
number = {2},
pages = {69--80},
publisher = {UT Press},
title = {{Consensus or Confusion: Cartographers' Knowledge of Generalization}},
volume = {30},
year = {1993}
}

% TRADITIONAL GENERALIZATION

@article{gruenreich1985cag,
author = {Gruenreich, Dietmar},
journal = {Papers CERCO Cartography course},
title = {{Computer-Assisted Generalisation}},
year = {1985}
}

@article{brassel1988generalization,
author = {Brassel, Kurt E and Weibel, Robert},
doi = {10.1080/02693798808927898},
journal = {International journal of geographical information systems},
number = {3},
pages = {229--244},
title = {{A review and conceptual framework of automated map generalization}},
url = {http://www.tandfonline.com/doi/abs/10.1080/02693798808927898},
volume = {2},
year = {1988}
}


@book{international73multilingual,
  title={Multilingual dictionary of technical terms in cartography},
  author={International Cartographic Association. Commission Definition, Classification and Standardization of Technical Terms in Cartography},
  year={1973},
  publisher={Steiner}
}

@inproceedings{regnauld2006improving,
author = {Regnauld, Nicolas},
booktitle = {Proceedings of ISPRS workshop: multiple representation and interoperability of spatial data},
pages = {1--5},
title = {{Improving efficiency for developing automatic generalisation solutions}},
year = {2006}
}

@misc{bono,
  author = {Dan Gillmor for The Guardian},
  title = {{'Factivism' for every field: why Bono is right to want more data and evidence}},
  howpublished = "\url{http://www.guardian.co.uk/commentisfree/2013/feb/28/bono-ted-talk-facktivist-is-way-forward}",
  year = {2013}, 
  note = "[Online; accessed 9-April-2013]"
}

@article{topfer1966principles,
author = {T\"{o}pfer, Friedrich and Pillewizer, W},
journal = {Cartographic Journal, The},
number = {1},
pages = {10--16},
publisher = {Maney Publishing},
title = {{The principles of selection}},
volume = {3},
year = {1966}
}

@misc{sld,
  author = {Open Geospatial Consortium},
  title = {{Styled Layer Descriptor}},
  howpublished = "\url{http://www.opengeospatial.org/standards/sld}",
  year = {2007}, 
  note = "[Online; accessed 18-July-2013]"
}

@misc{mapnik,
  author = {Artem Pavlenko},
  title = {{Mapnik}},
  howpublished = "\url{http://mapnik.org/}",
  year = {2011}, 
  note = "[Online; accessed 18-July-2013]"
}

@misc{openstreetmap,
  author = {Steve Coast et al},
  title = {{OpenStreetMap}},
  howpublished = "\url{http://www.openstreetmap.org/}",
  year = {2004}, 
  note = "[Online; accessed 18-July-2013]"
}




% RELATED WORK

@article{ware2003generalization_sa,
annote = {Automated map generalization with multiple operators: a simulated annealing approach},
author = {Ware, J. Mark and Jones, Christopher B. and Thomas, Nathan},
isbn = {1365881031000},
issn = {1365-8816},
journal = {International Journal of Geographical Information Science},
month = dec,
number = {8},
pages = {743--769},
title = {{Automated map generalization with multiple operators: a simulated annealing approach}},
url = {http://www.tandfonline.com/doi/abs/10.1080/13658810310001596085},
volume = {17},
year = {2003}
}

@phdthesis{schmid2008automated,
author = {Schmid, Stefan and Of, Valuation},
number = {June},
school = {Geographisches Institut der Universit\{\"{a}\}t Z\{\"{u}\}rich},
title = {{Automated constraint-based evaluation of cartographic generalization solutions}},
year = {2008}
}

@phdthesis{cecconi2003integration,
author = {Cecconi, Alessandro},
school = {Universit\{\"{a}\}t Z\{\"{u}\}rich},
title = {{Integration of cartographic generalization and multi-scale databases for enhanced web mapping}},
year = {2003}
}


@inproceedings{regnauld2006improving,
author = {Regnauld, Nicolas},
booktitle = {Proceedings of ISPRS workshop: multiple representation and interoperability of spatial data},
pages = {1--5},
title = {{Improving efficiency for developing automatic generalisation solutions}},
year = {2006}
}


@inproceedings{haunert2006landcover,
author = {Haunert, Jan-Henrik and Wolff, Alexander},
booktitle = {Proceedings of the 14th annual ACM international symposium on Advances in geographic information systems},
doi = {10.1145/1183471.1183485},
pages = {75--82},
publisher = {ACM},
series = {GIS '06},
title = {{Generalization of land cover maps by mixed integer programming}},
year = {2006}
}


@inproceedings{sarma2012fusiontables,
author = {Sarma, Anish Das and Lee, Hongrae and Gonzalez, Hector and Madhavan, Jayant and Halevy, Alon and {Das Sarma}, Anish},
booktitle = {SIGMOD},
isbn = {9781450312479},
organization = {ACM},
pages = {193--204},
title = {{Efficient Spatial Sampling of Large Geographical Tables}},
year = {2012}
}

@inproceedings{nutanong2012multiresolution,
author = {Nutanong, Sarana and Adelfio, Marco D and Samet, Hanan},
booktitle = {Proceedings of the 20th International Conference on Advances in Geographic Information Systems},
isbn = {9781450316910},
number = {November},
organization = {ACM},
pages = {159--168},
title = {{Multiresolution select-distinct queries on large geographic point sets}},
year = {2012}
}


@inproceedings{Guttman1984:RTree,
 author = {Guttman, Antonin},
 title = {R-trees: a dynamic index structure for spatial searching},
 booktitle = {Proceedings of the 1984 ACM SIGMOD international conference on Management of data},
 series = {SIGMOD '84},
 year = {1984},
 pages = {47--57},
 publisher = {ACM}
} 

@inproceedings{Hellerstein1995:GiST,
 author = {Hellerstein, Joseph M. and Naughton, Jeffrey F. and Pfeffer, Avi},
 title = {Generalized Search Trees for Database Systems},
 booktitle = {Proceedings of the 21th International Conference on Very Large Data Bases},
 series = {VLDB '95},
 year = {1995},
 pages = {562--573}
} 

@inproceedings{Blakeley2008:DotNET,
 author = {Blakeley, Jos{\'e} A. and Rao, Vineet and Kunen, Isaac and Prout, Adam and Henaire, Mat and Kleinerman, Christian},
 title = {.NET database programmability and extensibility in microsoft SQL server},
 booktitle = {Proceedings of the 2008 ACM SIGMOD international conference on Management of data},
 series = {SIGMOD '08},
 year = {2008},
 pages = {1087--1098}
 publisher = {ACM}
} 

@inproceedings{Ordonez2007:StatisticsUDFs,
 author = {Ordonez, Carlos},
 title = {Building statistical models and scoring with UDFs},
 booktitle = {Proceedings of the 2007 ACM SIGMOD international conference on Management of data},
 series = {SIGMOD '07},
 year = {2007},
 pages = {1005--1016},
 publisher = {ACM}
} 

